@ARTICLE{Be14,
   author = {{Belokurov}, V. and {Koposov}, S.~E. and {Evans}, N.~W. and 
  {Pe{\~n}arrubia}, J. and {Irwin}, M.~J. and {Smith}, M.~C. and 
  {Lewis}, G.~F. and {Gieles}, M. and {Wilkinson}, M.~I. and {Gilmore}, G. and 
  {Olszewski}, E.~W. and {Niederste-Ostholt}, M.},
    title = "{Precession of the Sagittarius stream}",
  journal = {\mnras},
archivePrefix = "arXiv",
   eprint = {1301.7069},
 primaryClass = "astro-ph.GA",
 keywords = {blue stragglers, stars: carbon, stars: horizontal branch, Galaxy: fundamental parameters, Galaxy: halo, Galaxy: kinematics and dynamics},
     year = 2014,
    month = jan,
   volume = 437,
    pages = {116-131},
      doi = {10.1093/mnras/stt1862},
   adsurl = {http://adsabs.harvard.edu/abs/2014MNRAS.437..116B},
  adsnote = {Provided by the SAO/NASA Astrophysics Data System}
}

@ARTICLE{Di08,
   author = {{Diemand}, J. and {Kuhlen}, M. and {Madau}, P. and {Zemp}, M. and 
  {Moore}, B. and {Potter}, D. and {Stadel}, J.},
    title = "{Clumps and streams in the local dark matter distribution}",
  journal = {\nat},
archivePrefix = "arXiv",
   eprint = {0805.1244},
     year = 2008,
    month = aug,
   volume = 454,
    pages = {735-738},
      doi = {10.1038/nature07153},
   adsurl = {http://adsabs.harvard.edu/abs/2008Natur.454..735D},
  adsnote = {Provided by the SAO/NASA Astrophysics Data System}
}

@ARTICLE{Er16,
   author = {{Erkal}, D. and {Belokurov}, V. and {Bovy}, J. and {Sanders}, J.~L.
  },
    title = "{The number and size of subhalo-induced gaps in stellar streams}",
  journal = {\mnras},
archivePrefix = "arXiv",
   eprint = {1606.04946},
 keywords = {Galaxy: fundamental parameters, galaxies: haloes, galaxies: structure, dark matter},
     year = 2016,
    month = nov,
   volume = 463,
    pages = {102-119},
      doi = {10.1093/mnras/stw1957},
   adsurl = {http://adsabs.harvard.edu/abs/2016MNRAS.463..102E},
  adsnote = {Provided by the SAO/NASA Astrophysics Data System}
}


@book{Ge13,
  title={Bayesian Data Analysis, Third Edition},
  author={Gelman, A. and Carlin, J.B. and Stern, H.S. and Dunson, D.B. and Vehtari, A. and Rubin, D.B.},
  isbn={9781439840955},
  lccn={2013039507},
  series={Chapman \& Hall/CRC Texts in Statistical Science},
  url={https://books.google.co.uk/books?id=ZXL6AQAAQBAJ},
  year={2013},
  publisher={Taylor \& Francis}
}

@ARTICLE{Ku16,
   author = {{K{\"u}pper}, A.~H.~W. and {Johnston}, K.~V. and {Mieske}, S. and 
  {Collins}, M.~L.~M. and {Tollerud}, E.~J.},
    title = "{Exploding Satellites -- The Tidal Debris of the Ultra-Faint Dwarf Galaxy Hercules}",
  journal = {ArXiv e-prints},
archivePrefix = "arXiv",
   eprint = {1608.05085},
 keywords = {Astrophysics - Astrophysics of Galaxies, Astrophysics - Solar and Stellar Astrophysics},
     year = 2016,
    month = aug,
   adsurl = {http://adsabs.harvard.edu/abs/2016arXiv160805085K},
  adsnote = {Provided by the SAO/NASA Astrophysics Data System}
}

@ARTICLE{Je16,
   author = {{Jethwa}, P. and {Erkal}, D. and {Belokurov}, V.},
    title = "{A Magellanic origin of the DES dwarfs}",
  journal = {\mnras},
archivePrefix = "arXiv",
   eprint = {1603.04420},
 keywords = {galaxies: dwarf, Magellanic Clouds},
     year = 2016,
    month = sep,
   volume = 461,
    pages = {2212-2233},
      doi = {10.1093/mnras/stw1343},
   adsurl = {http://adsabs.harvard.edu/abs/2016MNRAS.461.2212J},
  adsnote = {Provided by the SAO/NASA Astrophysics Data System}
}

@ARTICLE{Be15,
   author = {{Bechtol}, K. and others},
    title = "{Eight New Milky Way Companions Discovered in First-year Dark Energy Survey Data}",
  journal = {\apj},
archivePrefix = "arXiv",
   eprint = {1503.02584},
 keywords = {galaxies: dwarf, Local Group},
     year = 2015,
    month = jul,
   volume = 807,
      eid = {50},
    pages = {50},
      doi = {10.1088/0004-637X/807/1/50},
   adsurl = {http://adsabs.harvard.edu/abs/2015ApJ...807...50B},
  adsnote = {Provided by the SAO/NASA Astrophysics Data System}
}

@ARTICLE{Ko15,
   author = {{Koposov}, S.~E. and {Belokurov}, V. and {Torrealba}, G. and {Evans}, N.~W.},
    title = "{Beasts of the Southern Wild: Discovery of Nine Ultra Faint Satellites in the Vicinity of the Magellanic Clouds.}",
  journal = {\apj},
archivePrefix = "arXiv",
   eprint = {1503.02079},
 keywords = {galaxies: dwarf, galaxies: kinematics and dynamics, Galaxy: halo, globular clusters: general},
     year = 2015,
    month = jun,
   volume = 805,
      eid = {130},
    pages = {130},
      doi = {10.1088/0004-637X/805/2/130},
   adsurl = {http://adsabs.harvard.edu/abs/2015ApJ...805..130K},
  adsnote = {Provided by the SAO/NASA Astrophysics Data System}
}


@ARTICLE{Be07,
   author = {{Belokurov}, V. and others},
    title = "{Cats and Dogs, Hair and a Hero: A Quintet of New Milky Way Companions}",
  journal = {\apj},
   eprint = {astro-ph/0608448},
 keywords = {Galaxies: Dwarf, Galaxies: Local Group},
     year = 2007,
    month = jan,
   volume = 654,
    pages = {897-906},
      doi = {10.1086/509718},
   adsurl = {http://adsabs.harvard.edu/abs/2007ApJ...654..897B},
  adsnote = {Provided by the SAO/NASA Astrophysics Data System}
}


@ARTICLE{La15,
   author = {{Laevens}, B.~P.~M. and others},
    title = "{A New Faint Milky Way Satellite Discovered in the Pan-STARRS1 3{$\pi$} Survey}",
  journal = {\apjl},
archivePrefix = "arXiv",
   eprint = {1503.05554},
 keywords = {galaxies: dwarf, Galaxy: structure, globular clusters: general, Local Group},
     year = 2015,
    month = apr,
   volume = 802,
      eid = {L18},
    pages = {L18},
      doi = {10.1088/2041-8205/802/2/L18},
   adsurl = {http://adsabs.harvard.edu/abs/2015ApJ...802L..18L},
  adsnote = {Provided by the SAO/NASA Astrophysics Data System}
}


@ARTICLE{Gr09,
   author = {{Grillmair}, C.~J.},
    title = "{Four New Stellar Debris Streams in the Galactic Halo}",
  journal = {\apj},
archivePrefix = "arXiv",
   eprint = {0811.3965},
 keywords = {Galaxy: halo, Galaxy: structure, globular clusters: general},
     year = 2009,
    month = mar,
   volume = 693,
    pages = {1118-1127},
      doi = {10.1088/0004-637X/693/2/1118},
   adsurl = {http://adsabs.harvard.edu/abs/2009ApJ...693.1118G},
  adsnote = {Provided by the SAO/NASA Astrophysics Data System}
}


@ARTICLE{Bo13,
   author = {{Boylan-Kolchin}, M. and {Bullock}, J.~S. and {Sohn}, S.~T. and 
  {Besla}, G. and {van der Marel}, R.~P.},
    title = "{The Space Motion of Leo I: The Mass of the Milky Way's Dark Matter Halo}",
  journal = {\apj},
archivePrefix = "arXiv",
   eprint = {1210.6046},
 primaryClass = "astro-ph.CO",
 keywords = {galaxies: individual: Leo I, Galaxy: fundamental parameters, Galaxy: halo, Galaxy: kinematics and dynamics, methods: statistical},
     year = 2013,
    month = may,
   volume = 768,
      eid = {140},
    pages = {140},
      doi = {10.1088/0004-637X/768/2/140},
   adsurl = {http://adsabs.harvard.edu/abs/2013ApJ...768..140B},
  adsnote = {Provided by the SAO/NASA Astrophysics Data System}
}


@ARTICLE{Lo14,
   author = {{Loebman}, S.~R. and {Ivezi{\'c}}, {\v Z}. and {Quinn}, T.~R. and 
  {Bovy}, J. and {Christensen}, C.~R. and {Juri{\'c}}, M. and 
  {Ro{\v s}kar}, R. and {Brooks}, A.~M. and {Governato}, F.},
    title = "{The Milky Way Tomography with Sloan Digital Sky Survey. V. Mapping the Dark Matter Halo}",
  journal = {\apj},
archivePrefix = "arXiv",
   eprint = {1408.5388},
 keywords = {Galaxy: general, Galaxy: halo, Galaxy: kinematics and dynamics, Galaxy: structure, stars: kinematics and dynamics, stars: statistics },
     year = 2014,
    month = oct,
   volume = 794,
      eid = {151},
    pages = {151},
      doi = {10.1088/0004-637X/794/2/151},
   adsurl = {http://adsabs.harvard.edu/abs/2014ApJ...794..151L},
  adsnote = {Provided by the SAO/NASA Astrophysics Data System}
}


@ARTICLE{Wi15,
   author = {{Williams}, A.~A. and {Evans}, N.~W.},
    title = "{Haloes light and dark: dynamical models of the stellar halo and constraints on the mass of the Galaxy}",
  journal = {\mnras},
archivePrefix = "arXiv",
   eprint = {1508.02584},
 keywords = {Galaxy: halo, Galaxy: kinematics and dynamics, galaxies: kinematics and dynamics},
     year = 2015,
    month = nov,
   volume = 454,
    pages = {698-707},
      doi = {10.1093/mnras/stv1967},
   adsurl = {http://adsabs.harvard.edu/abs/2015MNRAS.454..698W},
  adsnote = {Provided by the SAO/NASA Astrophysics Data System}
}

@ARTICLE{De12,
   author = {{Deason}, A.~J. and {Belokurov}, V. and {Evans}, N.~W. and {An}, J.
  },
    title = "{Broken degeneracies: the rotation curve and velocity anisotropy of the Milky Way halo}",
  journal = {\mnras},
archivePrefix = "arXiv",
   eprint = {1204.5189},
 keywords = {stars, Galaxy: halo, Galaxy: kinematics and dynamics, dark matter},
     year = 2012,
    month = jul,
   volume = 424,
    pages = {L44-L48},
      doi = {10.1111/j.1745-3933.2012.01283.x},
   adsurl = {http://adsabs.harvard.edu/abs/2012MNRAS.424L..44D},
  adsnote = {Provided by the SAO/NASA Astrophysics Data System}
}


@ARTICLE{Xu08,
   author = {{Xue}, X.~X. and {Rix}, H.~W. and {Zhao}, G. and {Re Fiorentin}, P. and 
  {Naab}, T. and {Steinmetz}, M. and {van den Bosch}, F.~C. and 
  {Beers}, T.~C. and {Lee}, Y.~S. and {Bell}, E.~F. and {Rockosi}, C. and 
  {Yanny}, B. and {Newberg}, H. and {Wilhelm}, R. and {Kang}, X. and 
  {Smith}, M.~C. and {Schneider}, D.~P.},
    title = "{The Milky Way's Circular Velocity Curve to 60 kpc and an Estimate of the Dark Matter Halo Mass from the Kinematics of \~{}2400 SDSS Blue Horizontal-Branch Stars}",
  journal = {\apj},
archivePrefix = "arXiv",
   eprint = {0801.1232},
 keywords = {dark matter, galaxies: individual: Milky Way, Galaxy: halo, stars: horizontal-branch, stars: kinematics},
     year = 2008,
    month = sep,
   volume = 684,
      eid = {1143-1158},
    pages = {1143-1158},
      doi = {10.1086/589500},
   adsurl = {http://adsabs.harvard.edu/abs/2008ApJ...684.1143X},
  adsnote = {Provided by the SAO/NASA Astrophysics Data System}
}

@ARTICLE{Wa15,
   author = {{Wang}, W. and {Han}, J. and {Cooper}, A.~P. and {Cole}, S. and 
  {Frenk}, C. and {Lowing}, B.},
    title = "{Estimating the dark matter halo mass of our Milky Way using dynamical tracers}",
  journal = {\mnras},
archivePrefix = "arXiv",
   eprint = {1502.03477},
 keywords = {Galaxy: halo, Galaxy: kinematics and dynamics, dark matter},
     year = 2015,
    month = oct,
   volume = 453,
    pages = {377-400},
      doi = {10.1093/mnras/stv1647},
   adsurl = {http://adsabs.harvard.edu/abs/2015MNRAS.453..377W},
  adsnote = {Provided by the SAO/NASA Astrophysics Data System}
}


@BOOK{BT08,
   author = {{Binney}, J. and {Tremaine}, S.},
    title = "{Galactic Dynamics: Second Edition}",
booktitle = {Galactic Dynamics: Second Edition, by James Binney and Scott Tremaine.~ISBN 978-0-691-13026-2 (HB).~Published by Princeton University Press, Princeton, NJ USA, 2008.},
     year = 2008,
publisher = {Princeton University Press},
   adsurl = {http://adsabs.harvard.edu/abs/2008gady.book.....B},
  adsnote = {Provided by the SAO/NASA Astrophysics Data System}
}

@BOOK{Vi56,
   author = {{Vibert Douglas}, A.},
    title = "{Arthur Stanley Eddington}",
booktitle = {Arthur Stanley Eddington: by A. Vibert Douglas.~Published by Cambridge University Press, Cambridge, 1956.},
     year = 1956,
publisher = {Cambridge University Press},
}


@ARTICLE{Sp72,
   author = {{Spitzer}, Jr., L. and {Shapiro}, S.~L.},
    title = "{Random Gravitational Encounters and the Evolution of Spherical Systems. III. Halo}",
  journal = {\apj},
     year = 1972,
    month = may,
   volume = 173,
    pages = {529},
      doi = {10.1086/151442},
   adsurl = {http://adsabs.harvard.edu/abs/1972ApJ...173..529S},
  adsnote = {Provided by the SAO/NASA Astrophysics Data System}
}


@ARTICLE{Ge92,
  author = {{Gelman}, A. and {Rubin}, B.},
  title = "Inference from Iterative Simulation Using Multiple Sequences",
  journal = {Statistical Science},
  year = 1992,
  volume = 7,
  pages = {457-511}
}


@ARTICLE{Mc13,
   author = {{McMillan}, P.~J. and {Binney}, J.~J.},
    title = "{Analysing surveys of our Galaxy - II. Determining the potential}",
  journal = {\mnras},
archivePrefix = "arXiv",
   eprint = {1303.5660},
 keywords = {methods: data analysis, Galaxy: kinematics and dynamics, Galaxy: structure},
     year = 2013,
    month = aug,
   volume = 433,
    pages = {1411-1424},
      doi = {10.1093/mnras/stt814},
   adsurl = {http://adsabs.harvard.edu/abs/2013MNRAS.433.1411M},
  adsnote = {Provided by the SAO/NASA Astrophysics Data System}
}


@ARTICLE{Go10,
  author = {{Goodman}, J. and {Weare}, J.},
  title="{Ensemble samplers with affine invariance}",
  journal="Commun. Appl. Math. Comput. Sci.",
  year=2010,
  volume=5,
  pages={65-80}
}

@ARTICLE{emcee,
   author = {{Foreman-Mackey}, D. and {Hogg}, D.~W. and {Lang}, D. and {Goodman}, J.
  },
    title = "{emcee: The MCMC Hammer}",
  journal = {\pasp},
archivePrefix = "arXiv",
   eprint = {1202.3665},
 primaryClass = "astro-ph.IM",
     year = 2013,
    month = mar,
   volume = 125,
    pages = {306-312},
      doi = {10.1086/670067},
   adsurl = {http://adsabs.harvard.edu/abs/2013PASP..125..306F},
  adsnote = {Provided by the SAO/NASA Astrophysics Data System}
}

@ARTICLE{Sc10,
   author = {{Sch{\"o}nrich}, R. and {Binney}, J. and {Dehnen}, W.},
    title = "{Local kinematics and the local standard of rest}",
  journal = {\mnras},
archivePrefix = "arXiv",
   eprint = {0912.3693},
 keywords = {stars: kinematics, Galaxy: disc, Galaxy: fundamental parameters, Galaxy: kinematics and dynamics, solar neighbourhood},
     year = 2010,
    month = apr,
   volume = 403,
    pages = {1829-1833},
      doi = {10.1111/j.1365-2966.2010.16253.x},
   adsurl = {http://adsabs.harvard.edu/abs/2010MNRAS.403.1829S},
  adsnote = {Provided by the SAO/NASA Astrophysics Data System}
}

@ARTICLE{Sc09,
   author = {{Scannapieco}, C. and {White}, S.~D.~M. and {Springel}, V. and 
  {Tissera}, P.~B.},
    title = "{The formation and survival of discs in a {$\Lambda$}CDM universe}",
  journal = {\mnras},
archivePrefix = "arXiv",
   eprint = {0812.0976},
 keywords = {methods: numerical , galaxies: formation , cosmology: theory},
     year = 2009,
    month = jun,
   volume = 396,
    pages = {696-708},
      doi = {10.1111/j.1365-2966.2009.14764.x},
   adsurl = {http://adsabs.harvard.edu/abs/2009MNRAS.396..696S},
  adsnote = {Provided by the SAO/NASA Astrophysics Data System}
}

@ARTICLE{Ya09,
   author = {{Yanny}, B. and others},
    title = "{SEGUE: A Spectroscopic Survey of 240,000 Stars with g = 14-20}",
  journal = {\aj},
archivePrefix = "arXiv",
   eprint = {0902.1781},
 primaryClass = "astro-ph.GA",
 keywords = {Galaxy: halo, Galaxy: stellar content, Galaxy: structure, stars: abundances, stars: fundamental parameters, stars: general},
     year = 2009,
    month = may,
   volume = 137,
      eid = {4377-4399},
    pages = {4377-4399},
      doi = {10.1088/0004-6256/137/5/4377},
   adsurl = {http://adsabs.harvard.edu/abs/2009AJ....137.4377Y},
  adsnote = {Provided by the SAO/NASA Astrophysics Data System}
}


@ARTICLE{Xu14,
   author = {{Xue}, X.-X. and {Ma}, Z. and {Rix}, H.-W. and {Morrison}, H.~L. and 
  {Harding}, P. and {Beers}, T.~C. and {Ivans}, I.~I. and {Jacobson}, H.~R. and 
  {Johnson}, J. and {Lee}, Y.~S. and {Lucatello}, S. and {Rockosi}, C.~M. and 
  {Sobeck}, J.~S. and {Yanny}, B. and {Zhao}, G. and {Allende Prieto}, C.
  },
    title = "{The SEGUE K Giant Survey. II. A Catalog of Distance Determinations for the SEGUE K Giants in the Galactic Halo}",
  journal = {\apj},
 keywords = {galaxies: individual: Milky Way, Galaxy: halo, stars: distances, stars: individual: K giants},
     year = 2014,
    month = apr,
   volume = 784,
      eid = {170},
    pages = {170},
      doi = {10.1088/0004-637X/784/2/170},
   adsurl = {http://adsabs.harvard.edu/abs/2014ApJ...784..170X},
  adsnote = {Provided by the SAO/NASA Astrophysics Data System}
}


@ARTICLE{De11,
   author = {{Deason}, A.~J. and {Belokurov}, V. and {Evans}, N.~W.},
    title = "{The Milky Way stellar halo out to 40 kpc: squashed, broken but smooth}",
  journal = {\mnras},
archivePrefix = "arXiv",
   eprint = {1104.3220},
 keywords = {Galaxy: stellar content, Galaxy: structure, galaxies: general, galaxies: haloes, galaxies: individual: Milky Way, galaxies: photometry},
     year = 2011,
    month = oct,
   volume = 416,
    pages = {2903-2915},
      doi = {10.1111/j.1365-2966.2011.19237.x},
   adsurl = {http://adsabs.harvard.edu/abs/2011MNRAS.416.2903D},
  adsnote = {Provided by the SAO/NASA Astrophysics Data System}
}

@ARTICLE{Ah12,
   author = {{Ahn}, C.~P. and {Alexandroff}, R. and {Allende Prieto}, C. and 
  {Anderson}, S.~F. and {Anderton}, T. and {Andrews}, B.~H. and 
  {Aubourg}, {\'E}. and {Bailey}, S. and {Balbinot}, E. and {Barnes}, R. and et al.},
    title = "{The Ninth Data Release of the Sloan Digital Sky Survey: First Spectroscopic Data from the SDSS-III Baryon Oscillation Spectroscopic Survey}",
  journal = {\apjs},
archivePrefix = "arXiv",
   eprint = {1207.7137},
 primaryClass = "astro-ph.IM",
 keywords = {atlases, catalogs, surveys },
     year = 2012,
    month = dec,
   volume = 203,
      eid = {21},
    pages = {21},
      doi = {10.1088/0067-0049/203/2/21},
   adsurl = {http://adsabs.harvard.edu/abs/2012ApJS..203...21A},
  adsnote = {Provided by the SAO/NASA Astrophysics Data System}
}

@ARTICLE{Le90,
   author = {{Leonard}, P.~J.~T. and {Tremaine}, S.},
    title = "{The local Galactic escape speed}",
  journal = {\apj},
 keywords = {Milky Way Galaxy, Radial Velocity, Stellar Motions, Astronomical Models, High Speed, Monte Carlo Method},
     year = 1990,
    month = apr,
   volume = 353,
    pages = {486-493},
      doi = {10.1086/168638},
   adsurl = {http://adsabs.harvard.edu/abs/1990ApJ...353..486L},
  adsnote = {Provided by the SAO/NASA Astrophysics Data System}
}

@ARTICLE{Pi14,
   author = {{Piffl}, T. and others},
    title = "{The RAVE survey: the Galactic escape speed and the mass of the Milky Way}",
  journal = {\aap},
archivePrefix = "arXiv",
   eprint = {1309.4293},
 primaryClass = "astro-ph.GA",
 keywords = {Galaxy: general, Galaxy: fundamental parameters, Galaxy: kinematics and dynamics, Galaxy: structure, Galaxy: halo},
     year = 2014,
    month = feb,
   volume = 562,
      eid = {A91},
    pages = {A91},
      doi = {10.1051/0004-6361/201322531},
   adsurl = {http://adsabs.harvard.edu/abs/2014A%26A...562A..91P},
  adsnote = {Provided by the SAO/NASA Astrophysics Data System}
}

@ARTICLE{Sm07,
   author = {{Smith}, M.~C. and others},
    title = "{The RAVE survey: constraining the local Galactic escape speed}",
  journal = {\mnras},
   eprint = {astro-ph/0611671},
 keywords = {Galaxy: fundamental parameters, Galaxy: kinematics and dynamics},
     year = 2007,
    month = aug,
   volume = 379,
    pages = {755-772},
      doi = {10.1111/j.1365-2966.2007.11964.x},
   adsurl = {http://adsabs.harvard.edu/abs/2007MNRAS.379..755S},
  adsnote = {Provided by the SAO/NASA Astrophysics Data System}
}

@ARTICLE{Ko13,
   author = {{Kordopatis}, G. and others},
    title = "{The Radial Velocity Experiment (RAVE): Fourth Data Release}",
  journal = {\aj},
archivePrefix = "arXiv",
   eprint = {1309.4284},
 keywords = {catalogs, stars: abundances, stars: fundamental parameters, surveys, techniques: spectroscopic },
     year = 2013,
    month = nov,
   volume = 146,
      eid = {134},
    pages = {134},
      doi = {10.1088/0004-6256/146/5/134},
   adsurl = {http://adsabs.harvard.edu/abs/2013AJ....146..134K},
  adsnote = {Provided by the SAO/NASA Astrophysics Data System}
}

@ARTICLE{Ev16,
   author = {{Evans}, N.~W. and {Sanders}, J.~L. and {Williams}, A.~A. and 
  {An}, J. and {Lynden-Bell}, D. and {Dehnen}, W.},
    title = "{The alignment of the second velocity moment tensor in galaxies}",
  journal = {\mnras},
 keywords = {Galaxy: halo, galaxies: haloes, galaxies: kinematics and dynamics, dark matter},
     year = 2016,
    month = mar,
   volume = 456,
    pages = {4506-4523},
      doi = {10.1093/mnras/stv2729},
   adsurl = {http://adsabs.harvard.edu/abs/2016MNRAS.456.4506E},
  adsnote = {Provided by the SAO/NASA Astrophysics Data System}
}

@ARTICLE{Bo16,
   author = {{Bowden}, A. and {Evans}, N.~W. and {Williams}, A.~A.},
    title = "{Is the dark halo of the Milky Way prolate?}",
  journal = {\mnras},
archivePrefix = "arXiv",
   eprint = {1604.06885},
 keywords = {Galaxy: halo, Galaxy: kinematics and dynamics, Galaxy: structure},
     year = 2016,
    month = jul,
   volume = 460,
    pages = {329-337},
      doi = {10.1093/mnras/stw994},
   adsurl = {http://adsabs.harvard.edu/abs/2016MNRAS.460..329B},
  adsnote = {Provided by the SAO/NASA Astrophysics Data System}
}

@ARTICLE{Gi14,
   author = {{Gibbons}, S.~L.~J. and {Belokurov}, V. and {Evans}, N.~W.},
    title = "{`Skinny Milky Way please', says Sagittarius}",
  journal = {\mnras},
archivePrefix = "arXiv",
   eprint = {1406.2243},
 keywords = {Galaxy: fundamental parameters, Galaxy: halo, Galaxy: kinematics and dynamics, galaxies: dwarf},
     year = 2014,
    month = dec,
   volume = 445,
    pages = {3788-3802},
      doi = {10.1093/mnras/stu1986},
   adsurl = {http://adsabs.harvard.edu/abs/2014MNRAS.445.3788G},
  adsnote = {Provided by the SAO/NASA Astrophysics Data System}
}


@ARTICLE{Wi99,
   author = {{Wilkinson}, M.~I. and {Evans}, N.~W.},
    title = "{The present and future mass of the Milky Way halo}",
  journal = {\mnras},
   eprint = {astro-ph/9906197},
 keywords = {GALAXY: FUNDAMENTAL PARAMETERS, GALAXY: HALO, GALAXY: KINEMATICS AND DYNAMICS},
     year = 1999,
    month = dec,
   volume = 310,
    pages = {645-662},
      doi = {10.1046/j.1365-8711.1999.02964.x},
   adsurl = {http://adsabs.harvard.edu/abs/1999MNRAS.310..645W},
  adsnote = {Provided by the SAO/NASA Astrophysics Data System}
}

@ARTICLE{Iv08,
   author = {{Ivezi{\'c}}, {\v Z}. and others},
    title = "{The Milky Way Tomography with SDSS. II. Stellar Metallicity}",
  journal = {\apj},
archivePrefix = "arXiv",
   eprint = {0804.3850},
 keywords = {Galaxy: halo, Galaxy: kinematics and dynamics, Galaxy: stellar content, Galaxy: structure, methods: data analysis, stars: statistics},
     year = 2008,
    month = sep,
   volume = 684,
      eid = {287-325},
    pages = {287-325},
      doi = {10.1086/589678},
   adsurl = {http://adsabs.harvard.edu/abs/2008ApJ...684..287I},
  adsnote = {Provided by the SAO/NASA Astrophysics Data System}
}

@ARTICLE{Br15,
   author = {{Brown}, W.~R.},
    title = "{Hypervelocity Stars}",
  journal = {\araa},
     year = 2015,
    month = aug,
   volume = 53,
    pages = {15-49},
      doi = {10.1146/annurev-astro-082214-122230},
   adsurl = {http://adsabs.harvard.edu/abs/2015ARA%26A..53...15B},
  adsnote = {Provided by the SAO/NASA Astrophysics Data System}
}


@ARTICLE{Bou16,
   author = {{Boubert}, D. and {Evans}, N.~W.},
    title = "{A Dipole on the Sky: Predictions for Hypervelocity Stars from the Large Magellanic Cloud}",
  journal = {\apjl},
archivePrefix = "arXiv",
   eprint = {1606.02548},
 keywords = {Galaxy: halo, Galaxy: stellar content, Magellanic Clouds},
     year = 2016,
    month = jul,
   volume = 825,
      eid = {L6},
    pages = {L6},
      doi = {10.3847/2041-8205/825/1/L6},
   adsurl = {http://adsabs.harvard.edu/abs/2016ApJ...825L...6B},
  adsnote = {Provided by the SAO/NASA Astrophysics Data System}
}

@ARTICLE{Th97,
   author = {{Theuns}, T. and {Warren}, S.~J.},
    title = "{Intergalactic stars in the Fornax cluster}",
  journal = {\mnras},
   eprint = {astro-ph/9609076},
 keywords = {PLANETARY NEBULAE, GENERAL - GALAXIES, CLUSTERS, INDIVIDUAL, FORNAX - GALAXIES, INTERACTIONS - INTERGALACTIC MEDIUM},
     year = 1997,
    month = jan,
   volume = 284,
    pages = {L11-L14},
      doi = {10.1093/mnras/284.3.L11},
   adsurl = {http://adsabs.harvard.edu/abs/1997MNRAS.284L..11T},
  adsnote = {Provided by the SAO/NASA Astrophysics Data System}
}

@ARTICLE{Al82,
   author = {{Alexander}, J.~B.},
    title = "{The velocity of escape from the Galaxy in the solar neighbourhood}",
  journal = {\mnras},
 keywords = {Escape Velocity, Milky Way Galaxy, Stellar Motions, Galactic Rotation, Mass Distribution, Orbital Velocity, Solar System, Velocity Distribution, Velocity Measurement},
     year = 1982,
    month = nov,
   volume = 201,
    pages = {579-594},
      doi = {10.1093/mnras/201.3.579},
   adsurl = {http://adsabs.harvard.edu/abs/1982MNRAS.201..579A},
  adsnote = {Provided by the SAO/NASA Astrophysics Data System}
}


@ARTICLE{Ca81,
   author = {{Caldwell}, J.~A.~R. and {Ostriker}, J.~P.},
    title = "{The mass distribution within our Galaxy - A three component model}",
  journal = {\apj},
 keywords = {Astronomical Models, Galactic Structure, Mass Distribution, Milky Way Galaxy, Disk Galaxies, Escape Velocity, Galactic Rotation, Spheroids, Stellar Motions},
     year = 1981,
    month = dec,
   volume = 251,
    pages = {61-87},
      doi = {10.1086/159441},
   adsurl = {http://adsabs.harvard.edu/abs/1981ApJ...251...61C},
  adsnote = {Provided by the SAO/NASA Astrophysics Data System}
}
@ARTICLE{Ca09,
   author = {{Carlin}, J.~L. and {Grillmair}, C.~J. and {Mu{\~n}oz}, R.~R. and 
  {Nidever}, D.~L. and {Majewski}, S.~R.},
    title = "{Kinematics and Metallicities in the Bo{\"o}tes III Stellar Overdensity: A Disrupted Dwarf Galaxy?}",
  journal = {\apjl},
archivePrefix = "arXiv",
   eprint = {0907.3738},
 primaryClass = "astro-ph.GA",
 keywords = {galaxies: individual: Bo{\"o}tes},
     year = 2009,
    month = sep,
   volume = 702,
    pages = {L9-L13},
      doi = {10.1088/0004-637X/702/1/L9},
   adsurl = {http://adsabs.harvard.edu/abs/2009ApJ...702L...9C},
  adsnote = {Provided by the SAO/NASA Astrophysics Data System}
}
